@Manual{R-base,
  title = {R: A Language and Environment for Statistical Computing},
  author = {{R Core Team}},
  organization = {R Foundation for Statistical Computing},
  address = {Vienna, Austria},
  year = {2020},
  url = {https://www.R-project.org/},
}
@Manual{R-papaja,
  author = {Frederik Aust and Marius Barth},
  title = {{papaja}: {Create} {APA} manuscripts with {R Markdown}},
  year = {2020},
  note = {R package version 0.1.0.9997},
  url = {https://github.com/crsh/papaja},
}
@Manual{Wuehr_Segeelke,
  author = {Wühr and Segeelke},
  title = {Compatibility between Physical Stimulus Size and Left-right Responses: Small is Left and Large is Right.},
  year = {2018},
  publisher = {Journal of Cognition},
  page = {1(1): 17, 1–11.},
  url = {DOI:https://doi.org/10.5334/joc.19},
}
@Manual{Walsh,
  author = {Walsh, V.},
  title = {A theory of magnitude: Common cortical metrics of time, space and quantity.},
  year = {2003},
  publisher = {Trends In Cognitive Sciences},
  page = {7, 483–488.},
  url = {DOI:https://doi.org/10.1016/j.tics.2003.09.002},
}
