@Manual{R-base,
  title = {R: A Language and Environment for Statistical Computing},
  author = {{R Core Team}},
  organization = {R Foundation for Statistical Computing},
  address = {Vienna, Austria},
  year = {2020},
  url = {https://www.R-project.org/},
}
@Manual{R-papaja,
  author = {Frederik Aust and Marius Barth},
  title = {{papaja}: {Create} {APA} manuscripts with {R Markdown}},
  year = {2020},
  note = {R package version 0.1.0.9997},
  url = {https://github.com/crsh/papaja},
}
@Manual{Wuehr_Segeelke,
  author = {Wühr, P. and Segeelke},
  title = {Compatibility between Physical Stimulus Size and Left-right Responses: Small is Left and Large is Right.},
  year = {2018},
  journal = {Journal of Cognition},
  pages = {1(1): 17, 1–11.},
  url = {DOI:https://doi.org/10.5334/joc.19},
}
@Manual{Walsh,
  author = {Walsh, V.},
  title = {A theory of magnitude: Common cortical metrics of time, space and quantity.},
  year = {2003},
  journal = {Trends In Cognitive Sciences},
  pages = {7, 483–488.},
  url = {DOI:https://doi.org/10.1016/j.tics.2003.09.002},
}
@Manual{Sellaro,
  author = {Sellaro, Roberta and Treccani, Barbara and Job, Remo and Cubelli, Roberto},
  title = {Spatial coding of object typical size: evidence for a SNARC-like effect.},
  year = {2015},
  journal = {Psychological Research},
  pages = {79, 950–962.},
  url = {https://doi.org/10.1007/s00426-014-0636-7},
}
@Manual{Dehaene_1993,
  author = {Dehaene, S. and Bossini, S. and Giraux, P.},
  title = {The mental representation of parity and number magnitude.},
  year = {1993},
  journal = {Journal of Experimental Psychology: General},
  pages = {122, 371–396.},
  url = {DOI:https://doi.org/10.1037/0096-3445.122.3.371},
}
@Manual{Dehaene_1990,
  author = {Dehaene, S. and Dupoux, E. and Mehler, J.},
  title = {Is numerical comparison digital? Analogical and symbolic effects in two-digit number comparison.},
  year = {1990},
  journal = {Journal of Experimental Psychology: Human Perception and Performance},
  pages = {16, 626–641.},
  url = {DOI:https://doi.org/10.1037/0096-1523.16.3.626},
}
@Manual{Ren,
  author = {Ren, P. and Nicholls, M. R. and Ma, Y. and Chen, L.},
  title = {Size matters: Non-numerical magnitude affects the spatial coding of response.},
  year = {2011},
  journal = {Plos ONE},
  pages = {6},
  url = {DOI:https://doi.org/10.1371/journal.pone.0023553},
}
@Manual{R-aida,
  title = {aida: R package with helper functions for courses on _A_dvanced topics
in and _I_ntro to _D_ata _A_nalysis},
  author = {Franke, Michael},
  year = {2020},
  note = {R package version 0.1.0},
}
@Article{R-brms_a,
  title = {{brms}: An {R} Package for {Bayesian} Multilevel Models Using {Stan}},
  author = {Paul-Christian Bürkner},
  journal = {Journal of Statistical Software},
  year = {2017},
  volume = {80},
  number = {1},
  pages = {1--28},
  doi = {10.18637/jss.v080.i01},
  encoding = {UTF-8},
}
@Article{R-brms_b,
  title = {Advanced {Bayesian} Multilevel Modeling with the {R} Package {brms}},
  author = {Paul-Christian Bürkner},
  journal = {The R Journal},
  year = {2018},
  volume = {10},
  number = {1},
  pages = {395--411},
  doi = {10.32614/RJ-2018-017},
  encoding = {UTF-8},
}
@Manual{R-broom,
  title = {broom: Convert Statistical Analysis Objects into Tidy Tibbles},
  author = {David Robinson and Alex Hayes},
  year = {2020},
  note = {R package version 0.5.6},
  url = {https://CRAN.R-project.org/package=broom},
}
@Manual{R-dplyr,
  title = {dplyr: A Grammar of Data Manipulation},
  author = {Hadley Wickham and Romain François and Lionel Henry and Kirill Müller},
  year = {2020},
  note = {R package version 0.8.5},
  url = {https://CRAN.R-project.org/package=dplyr},
}
@Manual{R-forcats,
  title = {forcats: Tools for Working with Categorical Variables (Factors)},
  author = {Hadley Wickham},
  year = {2020},
  note = {R package version 0.5.0},
  url = {https://CRAN.R-project.org/package=forcats},
}
@Book{R-ggplot2,
  author = {Hadley Wickham},
  title = {ggplot2: Elegant Graphics for Data Analysis},
  publisher = {Springer-Verlag New York},
  year = {2016},
  isbn = {978-3-319-24277-4},
  url = {https://ggplot2.tidyverse.org},
}
@Book{R-knitr,
  title = {Dynamic Documents with {R} and knitr},
  author = {Yihui Xie},
  publisher = {Chapman and Hall/CRC},
  address = {Boca Raton, Florida},
  year = {2015},
  edition = {2nd},
  note = {ISBN 978-1498716963},
  url = {https://yihui.org/knitr/},
}
@Manual{R-purrr,
  title = {purrr: Functional Programming Tools},
  author = {Lionel Henry and Hadley Wickham},
  year = {2020},
  note = {R package version 0.3.4},
  url = {https://CRAN.R-project.org/package=purrr},
}
@Article{R-Rcpp_a,
  title = {{Rcpp}: Seamless {R} and {C++} Integration},
  author = {Dirk Eddelbuettel and Romain Fran\c{c}ois},
  journal = {Journal of Statistical Software},
  year = {2011},
  volume = {40},
  number = {8},
  pages = {1--18},
  url = {http://www.jstatsoft.org/v40/i08/},
  doi = {10.18637/jss.v040.i08},
}
@Article{R-Rcpp_b,
  title = {{Extending 	extit{R} with 	extit{C++}: A Brief Introduction to 	extit{Rcpp}}},
  author = {Dirk Eddelbuettel and James Joseph Balamuta},
  journal = {PeerJ Preprints},
  year = {2017},
  month = {aug},
  volume = {5},
  pages = {e3188v1},
  issn = {2167-9843},
  url = {https://doi.org/10.7287/peerj.preprints.3188v1},
  doi = {10.7287/peerj.preprints.3188v1},
}
@Manual{R-readr,
  title = {readr: Read Rectangular Text Data},
  author = {Hadley Wickham and Jim Hester and Romain Francois},
  year = {2018},
  note = {R package version 1.3.1},
  url = {https://CRAN.R-project.org/package=readr},
}
@Manual{R-stringr,
  title = {stringr: Simple, Consistent Wrappers for Common String Operations},
  author = {Hadley Wickham},
  year = {2019},
  note = {R package version 1.4.0},
  url = {https://CRAN.R-project.org/package=stringr},
}
@Manual{R-tibble,
  title = {tibble: Simple Data Frames},
  author = {Kirill Müller and Hadley Wickham},
  year = {2020},
  note = {R package version 3.0.0},
  url = {https://CRAN.R-project.org/package=tibble},
}
@Manual{R-tidyr,
  title = {tidyr: Tidy Messy Data},
  author = {Hadley Wickham and Lionel Henry},
  year = {2020},
  note = {R package version 1.0.2},
  url = {https://CRAN.R-project.org/package=tidyr},
}
@Article{R-tidyverse,
  title = {Welcome to the {tidyverse}},
  author = {Hadley Wickham and Mara Averick and Jennifer Bryan and Winston Chang and Lucy D'Agostino McGowan and Romain François and Garrett Grolemund and Alex Hayes and Lionel Henry and Jim Hester and Max Kuhn and Thomas Lin Pedersen and Evan Miller and Stephan Milton Bache and Kirill Müller and Jeroen Ooms and David Robinson and Dana Paige Seidel and Vitalie Spinu and Kohske Takahashi and Davis Vaughan and Claus Wilke and Kara Woo and Hiroaki Yutani},
  year = {2019},
  journal = {Journal of Open Source Software},
  volume = {4},
  number = {43},
  pages = {1686},
  doi = {10.21105/joss.01686},
}
